
@book{abrao,
  author    = {Taufik Abrão}, 
  title     = {Circuitos de Telecomunicações},
  publisher = {Dep. de Engenharia Elétrica, UEL},
  year      = 2002,
  address   = {Londrina - Paraná},
}

@book{Couch,
  author    = {L. W. Couch}, 
  title     = {Digital and Analog Communication Systeems},
  publisher = {Prentice Hall Inc},
  year      = 2001,
  address   = {New Jersey},
}
