@article{Roteiro,
author = {Carlos Henrique Gonçalves Treviso},
title = {Roteiro da atividade prática},
journaltitle = {journaltitle},
date = {2015},
}


