@book{Burian,
  author    = {Yaro Burian}, 
  title     = {Circuitos Elétricos},
  publisher = {Pearson Prentice Hall},
  year      = 2006,
  address   = {São Paulo},
}

@book{Bowick,
  author    = {Chris Bowick}, 
  title     = {RF Circuit Desing},
  publisher = {H. W. Sams},
  year      = 1982,
  address   = {Indianapolis - EUA},
}