@Book{taufik1,
    author = {Taufik Abrao},
    title = {Notas de aula - Circuitos de Comunicação},
    publisher = {publisher},
    year = {2002},
}