@misc{Roteiro,
author = {Carlos Henrique Gonçalves Treviso},
title = {Roteiro da atividade prática, Laboratório 12},
year = {2015},
}

@manual{sg3525a,
  organization  = {ON Semiconductors},
  title         = {SG3525A Datasheet},
  number        = {SG3525A-D},
  year          =  {2005},
  month         = {January},    
  note          = {Rev. 5. Acesso em 31/01/2016, 8:30 am},
  howpublished = "\url{http://www.onsemi.com/pub\_link/Collateral/SG3525A-D.PDF}",
}

@book{apostila,
  author    = {Carlos Henrique Gonçalves Treviso}, 
  title     = {Apostila Eletrônica de Potência},
  year      = {2015},
  address   = {Londrina},
}

@book{INEP,
  author    = {Clóvis Antônio Petry}, 
  title     = {Introdução aos Conversores CC-CC},
  year      = {2001}
  month			= {Agosto},
  address   = {Florianópolis - SC},
  publisher = {INSTITUTO DE ELETRÔNICA DE POTÊNCIA},
}