@misc{taufik,
   author = "Taufik Abrao",
  title = "Notas de Aula, Unid.3 - Sistemas Comunicação Analógicos: Modulação por Amplitude, Modulação por Fase e por Frequência",
   year = "2015",
 }
 