

@BOOK{taufik2,
   author = "Taufik Abrao",
   title= "Notas de aula - Circuitos de Comunicação",
   year = 2002
   }




