

@BOOK{taufik,
   author = "Taufik Abrao",
   title= "Notas de aula - Processamento de sinais",
   year = 2009
   }

@BOOK{taufik2,
   author = "Taufik Abrao",
   title= "Notas de aula - Circuitos de Comunicacao",
   year = 2002
   }


@BOOK{nilsson,
   author = "James W. Nilsson and Susan A. Riedel",
   title= "Circuitos Eletricos",
   publisher = "Pearson",
   edition = "8ed",
   year = 2009
   }

@BOOK{sedra,
   author = "Adel S. Sedra and Kenneth C. Smith",
   title= "\text{Microeletrônica}",
   publisher = "Pearson",
   edition = 6ed",
   year = 2010
   }

@BOOK{boylestad,
   author = "Robert L. Boylestad and Louis Nashelsky",
   title= "\text{Dispositivos eletrônicos e teoria de circuitos}",
   publisher = "Pearson",
   edition = "8ed",
   year = 2010
   }
