@book{Alencar,
  author    = {Marcelo Sampaio de Alemcar}, 
  title     = {Sistemas de comunicações},
  publisher = {Editora Érica},
  year      = 2001,
  address   = {São Paulo},
}

@book{Medeiros,
  author    = {Julio Cesar De Oliveira Medeiros}, 
  title     = {Princípios de Telecomunicações - Teoria e Prática},
  publisher = {Editora Érica},
  year      = 2005,
  address   = {São Paulo},
}

@book{Couch,
  author    = {L. W. Couch}, 
  title     = {Digital and Analog Communication Systeems},
  publisher = {Prentice Hall Inc},
  year      = 2001,
  address   = {New Jersey},
}

@book{Proakis,
  author    = {J. Proakis and M. Salehi}, 
  title     = {Contemporany Communication Systems Using Matlab},
  publisher = {Prentice Hall},
  year      = 1997,
  address   = {New Jersey},
}

@book{Carlson,
  author    = {B. C. Carlson}, 
  title     = {Princípios de Comunicações},
  publisher = {McGraw Hill},
  year      = 1991,
}

@book{Lathi,
  author    = {B. P. Lathi}, 
  title     = {Modern Digital and Analog Communication Systems},
  publisher = {Holt Rineard and Winston},
  year      = 1989,
  address   = {Philadelphia},
}

@book{Stallings,
  author    = {W. Stallings}, 
  title     = {Comunicação de dados e computação},
  publisher = {Upper Saddle River},
  year      = 2007,
  edition   = 8,
  address   = {New Jersey},
}
