
@book{abrao,
  author    = {Taufik Abrão}, 
  title     = {Osciladores de RF},
  publisher = {Dep. de Engenharia Elétrica, UEL},
  year      = 2002,
  address   = {Londrina - Paraná},
}

@book{Rhea,
    author  = {R. W. Rhea},
    title   = {Oscillator Design and Computer Simulation},
    publisher= {Noble Publishing},
    year    = {1995}
}

@book{Couch,
  author    = {L. W. Couch}, 
  title     = {Digital and Analog Communication Systeems},
  publisher = {Prentice Hall Inc},
  year      = 2001,
  address   = {New Jersey},
}
