@misc{taufik,
   author = "Taufik Abrao",
  title = "Notas de Aula, Unid.5 - Modulação e Sistemas de Comunicação Digitais M-ASK, M-PSK, M-FSK e Esquemas Ortogonais",
   year = "2015",
 }
 