@article{roteiro,
	author = {Carlos Henrique Gonçalves Treviso},
	title = {Roteiro da atividade prática},
	journaltitle = {journaltitle},
	date = {2015},
}

@book{apostila,
	author = {Carlos Henrique Gonçalves Treviso},
	title = {Apostila - Eletrônica de Potência},
	journaltitle = {journaltitle},
	date = {2015},
}